@article{Kresse1996,
author = {Kresse, G. and Furthm{\"{u}}ller, J.},
doi = {10.1016/0927-0256(96)00008-0},
issn = {09270256},
journal = {Computational Materials Science},
month = {jul},
number = {1},
pages = {15--50},
title = {{Efficiency of ab-initio total energy calculations for metals and semiconductors using a plane-wave basis set}},
url = {http://linkinghub.elsevier.com/retrieve/pii/0927025696000080},
volume = {6},
year = {1996}
}

@article{Bowler2000,
author = {Bowler, D.R and Gillan, M.J},
doi = {10.1016/S0009-2614(00)00750-8},
issn = {00092614},
journal = {Chemical Physics Letters},
month = {jul},
number = {4},
pages = {473--476},
title = {{An efficient and robust technique for achieving self consistency in electronic structure calculations}},
url = {http://linkinghub.elsevier.com/retrieve/pii/S0009261400007508},
volume = {325},
year = {2000}
}

@article{Banerjee2016,
author = {Banerjee, Amartya S. and Suryanarayana, Phanish and Pask, John E.},
doi = {10.1016/j.cplett.2016.01.033},
issn = {00092614},
journal = {Chemical Physics Letters},
month = {mar},
pages = {31--35},
title = {{Periodic Pulay method for robust and efficient convergence acceleration of self-consistent field iterations}},
url = {http://linkinghub.elsevier.com/retrieve/pii/S0009261416000464},
volume = {647},
year = {2016}
}

@article{Brandbyge2002,
author = {Brandbyge, Mads and Mozos, Jos{\'{e}}-Luis and Ordej{\'{o}}n, Pablo and Taylor, Jeremy and Stokbro, Kurt},
doi = {10.1103/PhysRevB.65.165401},
issn = {0163-1829},
journal = {Physical Review B},
month = {mar},
number = {16},
pages = {165401},
title = {{Density-functional method for nonequilibrium electron transport}},
url = {http://link.aps.org/doi/10.1103/PhysRevB.65.165401},
volume = {65},
year = {2002}
}
